@article{wilson2011comparing,
  title={Comparing nuclear fuel cycle options},
  author={Wilson, Paul PH},
  journal={Observation and Challenges},
  year={2011}
}

@techreport{guerin2009benchmark,
  title={A benchmark study of computer codes for system analysis of the nuclear fuel cycle},
  author={Gu{\'e}rin, Laurent and Feng, Bo and Hejzlar, Pavel and Forget, Benoit and Kazimi, Mujid S and Van Den Durpel, Luc and Yacout, Abdellatif and Taiwo, Temi and Dixon, Brent W and Matthern, Grechen and others},
  year={2009},
  institution={Massachusetts Institute of Technology. Center for Advanced Nuclear Energy Systems. Nuclear Fuel Cycle Program}
}

@techreport{piet2011assessment,
  title={Assessment of Tools and Data for System-Level Dynamic Analyse},
  author={Piet, Steven J and Soelberg, Nick R},
  year={2011},
  institution={INL/EXT-11}
}

@article{cyclus_v1_0,
author = " Robert W. Carlsen and Matthew Gidden and Kathryn Huff and  Arrielle C. Opotowsky and Olzhas Rakhimov and  Anthony M. Scopatz and Zach Welch and Paul Wilson",
title = "{Cyclus v1.0.0}",
year = "2014",
month = "06",
note = "http://dx.doi.org/10.6084/m9.figshare.1041745",
url = "http://dx.doi.org/10.6084/m9.figshare.1041745"
}

@article{cyclus_v1_2,
author = "Robert Carlsen and Robert Flanagan and Matthew Gidden and Anthony Scopatz and John D. Xia",
title = "{Cyclus v1.2.0}",
year = "2014",
month = "12",
note = "http://dx.doi.org/10.6084/m9.figshare.1256424",
url = "http://dx.doi.org/10.6084/m9.figshare.1256424"
}

@book{rasmussen2006gaussian,
  title={Gaussian processes for machine learning},
  author={Rasmussen, Carl Edward and Christopher KI Williams},
  year={2006},
  publisher={The MIT Press}
}

@article{scikit-learn,
 title={Scikit-learn: Machine Learning in {P}ython},
 author={Pedregosa, F. and Varoquaux, G. and Gramfort, A. and Michel, V.
         and Thirion, B. and Grisel, O. and Blondel, M. and Prettenhofer, P.
         and Weiss, R. and Dubourg, V. and Vanderplas, J. and Passos, A. and
         Cournapeau, D. and Brucher, M. and Perrot, M. and Duchesnay, E.},
 journal={Journal of Machine Learning Research},
 volume={12},
 pages={2825--2830},
 year={2011}
}

@article{hodlr,
    author = {{Ambikasaran}, S. and {Foreman-Mackey}, D. and
              {Greengard}, L. and {Hogg}, D.~W. and {O'Neil}, M.},
     title = "{Fast Direct Methods for Gaussian Processes and the Analysis
               of NASA Kepler Mission Data}",
      year = 2014,
     month = mar,
       url = http://arxiv.org/abs/1403.6015
}

@incollection{muller,
    year={2007},
    isbn={978-3-540-74047-6},
    author={Meinard M\"uller},
    booktitle={Information Retrieval for Music and Motion},
    doi={10.1007/978-3-540-74048-3_4},
    title={Dynamic Time Warping},
    url={http://dx.doi.org/10.1007/978-3-540-74048-3_4},
    publisher={Springer Berlin Heidelberg},
    pages={69-84},
    language={English}
}

@article{myers1980performance,
  title={Performance tradeoffs in dynamic time warping algorithms for isolated word recognition},
  author={Myers, Cory and Rabiner, Lawrence R and Rosenberg, Aaron E},
  journal={Acoustics, Speech and Signal Processing, IEEE Transactions on},
  volume={28},
  number={6},
  pages={623--635},
  year={1980},
  publisher={IEEE}
}

@article{muda2010voice,
  title={Voice recognition algorithms using mel frequency cepstral coefficient (MFCC) and dynamic time warping (DTW) techniques},
  author={Muda, Lindasalwa and Begam, Mumtaj and Elamvazuthi, I},
  journal={arXiv preprint arXiv:1003.4083},
  year={2010}
}
